<record xmlns="http://www.loc.gov/MARC21/slim" xmlns:xsi="http://www.w3.org/2001/XMLSchema-instance" xsi:schemaLocation="http://www.loc.gov/MARC21/slim http://www.loc.gov/standards/marcxml/schema/MARC21slim.xsd"><leader>01170cz   2200205n  4500</leader><controlfield tag="001">oca03859085 </controlfield><controlfield tag="005">20001103070351.0</controlfield><controlfield tag="008">950614n| acannaabn          |a aaa     c</controlfield><datafield ind1=" " ind2=" " tag="010"><subfield code="a">nr 95022110 </subfield></datafield><datafield ind1=" " ind2=" " tag="040"><subfield code="a">NNC</subfield><subfield code="b">eng</subfield><subfield code="c">NNC</subfield><subfield code="d">OCoLC</subfield></datafield><datafield ind1="1" ind2=" " tag="100"><subfield code="a">Varro Atacinus, P. Terentius</subfield><subfield code="q">(Publius Terentius),</subfield><subfield code="d">82 B.C.-ca. 35 B.C.</subfield></datafield><datafield ind1="1" ind2=" " tag="400"><subfield code="a">Varro Atacinus, Publius Terentius,</subfield><subfield code="d">82 B.C.-ca. 35 B.C.</subfield></datafield><datafield ind1="1" ind2=" " tag="400"><subfield code="a">Terentius Varro, P.</subfield><subfield code="q">(Publius),</subfield><subfield code="d">82 B.C.-ca. 35 B.C.</subfield></datafield><datafield ind1="1" ind2=" " tag="400"><subfield code="a">Varro, Publius Terentius,</subfield><subfield code="d">82 B.C.-ca. 35 B.C.</subfield></datafield><datafield ind1="1" ind2=" " tag="400"><subfield code="a">Atacinus. P. Terentius Varro,</subfield><subfield code="q">(Publius Terentius Varro),</subfield><subfield code="d">82 B.C.-ca. 35 B.C.</subfield></datafield><datafield ind1="0" ind2=" " tag="400"><subfield code="a">P. Terentius Varro Atacinus</subfield><subfield code="q">(Publius Terentius Varro Atacinus),</subfield><subfield code="d">82 B.C.-ca. 35 B.C.</subfield></datafield><datafield ind1=" " ind2=" " tag="670"><subfield code="a">His Carmina [CF] 1991:</subfield><subfield code="b">PHI CD ROM #5.3, Latin Canon, bibliographic screen (P. Terentius Varro Atacinus)</subfield></datafield><datafield ind1=" " ind2=" " tag="670"><subfield code="a">Oxford class. dict., 1st ed.:</subfield><subfield code="b">p. 937 (Varro Atacinus, Publius Terentius; born at Atax in Narbonese Gaul in 82 B.C., died shortly before 35 B.C.)</subfield></datafield><datafield ind1=" " ind2=" " tag="670"><subfield code="a">Pauly-Wissowa:</subfield><subfield code="b">2. Reihe, 9. Halbbd., col. 692-705; "Terentius", #88 (P. Terentius Varro, named Atacinus; poet)</subfield></datafield><datafield ind1=" " ind2=" " tag="670"><subfield code="a">NUC pre-56:</subfield><subfield code="b">v. 670, p. 311 (Varro, Publius Terentius)</subfield></datafield></record>